

%
@InProceedings{Chiplunkar,
author = {R. Chiplunkar and J. M. Reinhardt and E. A. Hoffman},
title = {Segmentation and quantitation of the primary human airway tree},
booktitle = {Proc. SPIE Medical Imaging},
year = {1997},
pages = {403-414},
}
%volume = {3033},
%number = {1},


@inproceedings{Ginneken1,
  author    = {B. van Ginneken and W. Baggerman and E. M. van Rikxoort},
  title     = {Robust Segmentation and Anatomical Labeling of the Airway Tree from Thoracic {CT} Scans},
  booktitle = {Medical Image Computing and Computer-Assisted Intervention – MICCAI},
  year      = {2008},
  pages     = {219-226},
}


@article{Hegedus,
author = {C. J. Hegedus},
title = {Detailed Mathemtical Description of the Geometry of Airway Bifurcations}, 
journal = {Respiratory Physiology \& Neurobiology},
volume = {141}, 
yeas = {2004},
pages = {99-114},
}

@book{Ikeda,
author = {S Ikeda},
title = {Atlas of flexible bronchofiberoscopy},
year = {1974},
publisher = {University Park Press},
}

@article{Kiraly,
author = {A. P. Kiraly and W. E. Higgins and G. McLennan and E. A. Hoffman and J. M. Reinhardt},
title = {Three-Dimensional Human Airway Segmentation Methods for Clinical Virtual Bronchoscopy},
journal = {Academic Radiology},
volume = {9},
number = {10},
pages = {1153 - 1168},
year = {2002},
}

@InProceedings{Law,
author = {T. Law and P. Heng},
title = {Automated extraction of bronchus from 3{D} {CT} images of lung based on genetic algorithm and 3{D} region growing},
year = {2000},
booktitle = {Proc. SPIE Medical Imaging},
pages = {906-916},
}
%volume = {3979},
%number = {1},

@inproceedings{Lo,
author = {P. Lo and B. van Ginneken and J. M. Reinhardt and M. de Bruijne},
title =  {Extraction of airways from {CT} (EXACT'09)},
booktitle = {2nd International Workshop on Pulmonary Image Analysis}, 
pages = {175-189}, 
address = {London, England},
year = {2009},
}
%month = {September},

@article{Mori,
author = {K. Mori},
title = {Automated anatomical labelling of the bronchial branch and its application to the virtual bronchoscopy}, 
journal = {IEEE Transactions in Medical Imaging},
volume = {19},
number = {2}, 
year = {2000}, 
pages = {103-114},
}

@book{Pratt,
	author = {W. K. Pratt},
	title = {Digital Image Processing},
	edition = {4},
	publisher = {Wiley-Interscience},
	year = {2007}
}

@article{Otsu,
author = {N. Otsu},
title = {A Threshold Selection Method from Gray-Level Histograms},
journal = {Systems, Man and Cybernetics, IEEE Transactions on},
year = {1979},
volume = {9},  
number = {1},  
pages = {62-66},
}

@article{Sauret,
 author = {V. Sauret and P.M. Halson and I.W. Brown and J.S. Fleming and A.G. Bailey},
 title = {Study of the three-dimensional geometry of the central conducting airways in man using computed tomographic {(CT)} images},
 journal = {Journal of Anatomy},
 volume = {200},
 number = {2},
 year = {2002},
 pages = {123-134},
}

@InProceedings{Schlatholter,
author = {T. Schlathoelter and C. Lorenz and I. C. Carlsen and S.n Renisch and T. Deschamps},
title = {Simultaneous segmentation and tree reconstruction of the airways for virtual bronchoscopy},
year = {2002},
booktitle = {Proc. SPIE Medical Imaging},
volume = {4684},
number = {1},
pages = {103-113},
}

@book{Shapiro, 
author = {L. G. Shapiro and G. C. Stockman},
title = {Computer Vision},
year = {2002},
publisher = {Prentice Hall},
}

@article{Tschirren,
author = {J. Tschirren and E. A. Hoffman and G. McLennan and M. Sonka.},
title = {Intrathoracic airway trees: segmentation and airway morphology analysis from low-dose {CT} scans},
journal = {Medical Imaging, IEEE Transactions on},
year = {2005},
Volume = {24},
number = {12},
pages = {1529-1539},
}

@article{Udupa,
author = {J. K. Udupa and S. Samarasekera},
title = {Fuzzy Connectedness and Object Definition: Theory, Algorithms, and Applications in Image Segmentation},
journal = {Graphical Models and Image Processing},
volume = {58},
number = {3},
pages = {246 - 261},
year = {1996},
}

@book{Weibel,
author = {E. R. Weibel}, 
title = {Morphometry of the Human Lung}, 
publisher = {Springer-Verlag}, 
year = {1963},
}

