@inproceedings{Florez2,
  author    = {Leonardo Florez-Valencia and
               Jacques Azencot and
               Fabrice Vincent and
               Maciej Orkisz and
               Isabelle E. Magnin},
  title     = {Segmentation and Quantification of Blood Vessels in 3D Images
               using a Right Generalized Cylinder State Model},
  booktitle = {ICIP},
  year      = {2006},
  pages     = {2441-2444},
  crossref  = {DBLP:conf/icip/2006},
  bibsource = {DBLP, http://dblp.uni-trier.de}
}
@proceedings{DBLP:conf/icip/2006,
  title     = {Proceedings of the International Conference on Image Processing,
               ICIP 2006, October 8-11, Atlanta, Georgia, USA},
  booktitle = {ICIP},
  publisher = {IEEE},
  year      = {2006},
  bibsource = {DBLP, http://dblp.uni-trier.de}
}

@article {SCHA-09,
	title = {Standardized evaluation methodology and reference database for evaluating coronary artery centerline extraction algorithms},
	journal = {Med Image Anal},
	volume = {13},
	number = {5},
	year = {2009},
	pages = {701{\textendash}714},
	author = {Schaap, M. and Metz, C.T. and van Walsum, T. and van der Giessen, A.G. and Weustink, A.C. and Mollet, N.R. and Bauer, C. and Bogunovi{\'c}, H. and Castro, C. and Deng, X. and Dikici, E. and O{\textquoteright}Donnell, T. and Frenay, M. and Friman, O. and Hern{\'a}ndez Hoyos, M. and Kitslaar, P.H. and Krissian, K. and K{\"u}hnel, C. and Luengo-Oroz, M.A. and Orkisz, M. and Smedby, {\"O}. and Styner, M. and Szymczak, A. and Tek, H. and Wang, C. and Warfield, S.K. and Zhang, Y. and Zambal, S. and Krestin, G.P. and Niessen, W.J.}
}

@article {FLOR-07b,
	title = {3D models for vascular lumen segmentation in MRA images and for artery-stenting simulation},
	journal = {Innov Tech Biol Med - RBM},
	volume = {28},
	number = {2},
	year = {2007},
	pages = {65-71},
	keywords = {categ_st2i, imagerie_dynamique, nouvelle_equipe_1, reseau_international},
	doi = {10.1016/j.rbmret.2007.04.001},
	author = {Fl{\'o}rez Valencia, L. and Montagnat, J. and Orkisz, M.}
}

@ARTICLE{Antiga, 
author={Antiga, L. and Steinman, D.A.}, 
journal={Medical Imaging, IEEE Transactions on}, 
title={Robust and objective decomposition and mapping of bifurcating vessels}, 
year={2004}, 
month={june }, 
volume={23}, 
number={6}, 
pages={704 -713}, 
}

@article {ORKI-08,
	title = {Models, algorithms and applications in vascular image segmentation},
	journal = {Mach Graph Vision},
	volume = {17},
	number = {1/2},
	year = {2008},
	pages = {5-33},
	author = {Orkisz, M. and Fl{\'o}rez Valencia, L. and Hern{\'a}ndez Hoyos, M.}
}

@article {ORLO-09,
	title = {Efficient computation of Hessian-based enhancement filters for tubular structures in {3D} images},
	journal = {Innov Tech Biol Med - RBM},
	volume = {30},
	year = {2009},
	pages = {128{\textendash}132},
	keywords = {categ_st2i, imagerie_dynamique, nouvelle_equipe_1, reseau_international},
	doi = {10.1016/j.irbm.2009.04.003},
	author = {Orlowski, P. and Orkisz, M.}
}

@article {CARR-07,
	title = {Recursive tracking of vascular tree axes in 3D medical images},
	journal = {Int J Comput Assisted Radiol Surg},
	volume = {1},
	number = {6},
	year = {2007},
	pages = {331-339},
	author = {Carrillo, J.F. and Hern{\'a}ndez Hoyos, M. and Davila-Serrano, E.E. and Orkisz, M.}
}

@article{ Vuk,
	author = {Milisi\'c, Vuk and Rambaud, Am\'elie and Pichon Gostaf, Kirill},
	title = {Asymptotic analysis of blood flow in stented arteries: time dependency and direct simulations},
	journal = {ESAIM: Proc.},
	year = 2010,
	volume = 30,
	pages = "70-89",
	month = "",
}

@article{Gori,
author = {Gori, F. and Boghi, A.},
title = {Three-Dimensional Numerical Simulation of Blood Flow in Two Coronary Stents},
journal = {Numerical Heat Transfer, Part A: Applications},
volume = {59},
number = {4},
pages = {231-246},
year = {2011},
}

@incollection{Gennest,
author={J. Gennest and P. Libby},
title={Lipoprotein disorders and cardiovascular disease},
editor={Bonow RO and Mann DL and Zipes DP and Libby P},
booktitle={Braunwald's Heart Disease: A Textbook of Cardiovascular Medicine},
edition={9},
address={Philadelphia, Pa},
publisher={Saunders Elsevier},
year={2011},
chapter={47},
}

@incollection{Libby,
author={P. Libby},
title={The vascular biology of atherosclerosis},
editor={Bonow RO and Mann DL and Zipes DP and Libby P},
booktitle={Braunwald's Heart Disease: A Textbook of Cardiovascular Medicine},
edition={9},
address={Philadelphia, Pa},
publisher={Saunders Elsevier},
year={2011},
chapiter={43},
}

@techreport{WHO,
title={Causes of death 2008: data sources and methods},
author={{World Health Organization}},
institution={Department of Health Statistics and Informatics, World Health Organization, Geneva},
month={April},
year={2011},
}

@article{Scherl200721,
title = "Semi-automatic level-set based segmentation and stenosis quantification of the internal carotid artery in 3D CTA data sets",
journal = "Medical Image Analysis",
volume = "11",
number = "1",
pages = "21 - 34",
year = "2007",
note = "",
issn = "1361-8415",
author = "Holger Scherl and Joachim Hornegger and Marcus Prümmer and Michael Lell",
}

@article{Gremse01092011,
author = {Gremse, Felix and Grouls, Christoph and Palmowski, Moritz and Lammers, Twan and de Vries, Anke and Grüll, Holger and Das, Marco and Mühlenbruch, Georg and Akhtar, Shamima and Schober, Andreas and Kiessling, Fabian}, 
title = {Virtual Elastic Sphere Processing Enables Reproducible Quantification of Vessel Stenosis at CT and MR Angiography}, 
volume = {260}, 
number = {3}, 
pages = {709-717}, 
year = {2011}, 
journal = {Radiology} 
}


@article{Bemmel,
author = {C. M. van Bemmel and M. A. Viergever and Wiro J. Niessen},
title = {Semiautomatic segmentation and stenosis quantification of 3{D} contrast-enhanced {MR} angiograms of the internal carotid artery},
journal = {Magnetic Resonance in Medicine},
volume = {51},
number = {4},
pages = {753-760},
year = {2004},
}

@article{Dikkers,
journal={Journal of Computer Assisted Tomography}, 
author={Dikkers, Riksta and Willems, Tineke P. and de Jonge, Gonda J. and Marquering, Henk A. and Greuter, Marcel J. W. and van Ooijen, Peter M. A. and van der Weide, Marijke C. Jansen and Oudkerk, Matthijs},
year={2009},
title={ Accuracy of Noninvasive Coronary Stenosis Quantification of Different Commercially Available Dedicated Software Packages},
volume={33},
number={4},
pages={505-512},
}

@article {BARB-11c,
  title = {B-Spline Explicit Active Surfaces: An efficient framework for real-time 3D region-based segmentation},
  journal = {IEEE Transactions on Image Processing},
  year = {2012},
  pages = {241-251},
  volume = {21},
  number = {1},
  author = {Barbosa, D. C. and Dietenbeck, T. and Schaerer, J. and D{\textquoteright}hooge, J. and Friboulet, D. and Bernard, O.}
}

@article{Zhou20121,
title = "Automated coronary artery tree extraction in coronary CT angiography using a multiscale enhancement and dynamic balloon tracking (MSCAR-DBT) method",
journal = "Computerized Medical Imaging and Graphics",
volume = "36",
number = "1",
pages = "1 - 10",
year = "2012",
note = "",
author = "Chuan Zhou and Heang-Ping Chan and Aamer Chughtai and Smita Patel and Lubomir M. Hadjiiski and Jun Wei and Ella A. Kazerooni",
}

@article {ZAHN-11d,
  title = {Measurement of two-dimensional movement parameters of the carotid artery wall for early detection of arteriosclerosis: a preliminary clinical study},
  journal = {Ultrasound in Med. \& Biol.},
  volume = {37},
  number = {9},
  year = {2011},
  pages = {1421{\textendash}1429},
  type = {Original Contribution},
  chapter = {1421},
  keywords = {categ_mixte, imagerie_ultrasonore, nouvelle_equipe_1, nouvelle_equipe_3},
  author = {Zahnd, G. and Boussel, L. and Marion, A. and Durand, M. and Moulin, P. and S{\'e}rusclat, A. and Vray, D.}
}

@article {BOUS-09c,
  title = {Phase-contrast magnetic resonance imaging measurements in intracranial aneurysms in vivo of flow patterns, velocity fields, and wall shear stress: comparison with computational fluid dynamics},
  journal = {Magn Reson Med},
  volume = {61},
  number = {2},
  year = {2009},
  pages = {409{\textendash}417},
  keywords = {categ_med, lumiere_paroi_vasculaire, nouvelle_equipe_1, reseau_international},
  author = {Boussel, L. and Rayz, V. and Martin, A. and Acevedo-Bolton, G. and Lawton, M.T. and Higashida, R. and Smith, W.S. and Young, W.L. and Saloner, D.}
}

@article {BOUS-08c,
  title = {Aneurysm growth occurs at region of low wall shear stress: patient-specific correlation of hemodynamics and growth in a longitudinal study},
  journal = {Stroke},
  volume = {39},
  number = {11},
  year = {2008},
  pages = {2997{\textendash}3002},
  keywords = {categ_med, lumiere_paroi_vasculaire, nouvelle_equipe_1, reseau_international},
  author = {Boussel, L. and Rayz, V. and McCulloch, C. and Martin, A. and Acevedo-Bolton, G. and Lawton, M. and Higashida, R. and Smith, W.S. and Young, W.L. and Saloner, D.}
}

@article {SULA-08a,
  title = {In vitro non-rigid life-size model of aortic arch aneurysm for endovascular prosthesis assessment},
  journal = {Eur J Cardiothorac Surg},
  volume = {33},
  year = {2008},
  pages = {53{\textendash}57},
  keywords = {categ_mixte, imagerie_morphologique_fonctionnelle, lumiere_paroi_vasculaire, nouvelle_equipe_1},
  author = {Sulaiman, A. and Boussel, L. and Taconnet, F. and Serfaty, J. M. and Alsaid, H. and Attia, C. and Huet, L. and Douek, P.}
}

@article {ATTI-08,
  title = {Feasibility of stent-graft placement with real-time MR fluoroscopy in a nonrigid aortic phantom},
  journal = {J Vasc Interv Radiol},
  volume = {19},
  number = {9},
  year = {2008},
  pages = {1354{\textendash}1360},
  keywords = {categ_mixte, imagerie_RMN_optique, nouvelle_equipe_1, nouvelle_equipe_5},
  author = {Attia, S. and Sulaiman, A. and Huet, L. and Saint-Jalmes, H. and Beuf, O. and Farhat, F. and Douek, P.}
}

@article {HERN-06b,
  title = {Evaluation of semi-automatic arterial stenosis quantification},
  journal = {Int J Comput Assisted Radiol Surg},
  volume = {1},
  number = {3},
  year = {2006},
  pages = {167-175},
  keywords = {categ_mixte, imagerie_dynamique, imagerie_morphologique_fonctionnelle, lumiere_paroi_vasculaire, nouvelle_equipe_1, reseau_international},
  author = {Hern{\'a}ndez Hoyos, M. and Serfaty, J. M. and Maghiar, A. and Mansard, C. and Orkisz, M. and Magnin, I.E. and Douek, P.}
}

@article{larrabide:2439,
author = {Ignacio Larrabide and Maria Cruz Villa-Uriol and Rub\'{e}n C\'{a}rdenes and Jose Maria Pozo and Juan Macho and Luis San Roman and Jordi Blasco and Elio Vivas and Alberto Marzo and D. Rod Hose and Alejandro F. Frangi},
collaboration = {},
title = {Three-dimensional morphological analysis of intracranial aneurysms: A fully automated method for aneurysm sac isolation and quantification},
publisher = {AAPM},
year = {2011},
journal = {Medical Physics},
volume = {38},
number = {5},
pages = {2439-2449},
keywords = {biomedical MRI; blood vessels; computational geometry; image segmentation; medical disorders; medical image processing},
}

@article{Larrabide2010,
title = "Fast virtual deployment of self-expandable stents: Method and in vitro evaluation for intracranial aneurysmal stenting",
journal = "Medical Image Analysis",
volume = "",
number = "0",
pages = " - ",
year = "2010",
note = "",
issn = "1361-8415",
author = "Ignacio Larrabide and Minsuok Kim and Luca Augsburger and Maria Cruz Villa-Uriol and Daniel Rüfenacht and Alejandro F. Frangi",
keywords = "Virtual stenting",
keywords = "Intracranial aneurysms",
keywords = "Simplex deformable models",
keywords = "CFD",
keywords = "Virtual angiography",
keywords = "<span style='font-style: italic'>In vitro</span> validation"
}

@article{bogunovic:210,
author = {Hrvoje Bogunovi\'{c} and Jos\'{e} Mar\'{\i}a Pozo and Mar\'{\i}a Cruz Villa-Uriol and Charles B. L. M. Majoie and Rene van den Berg and Hugo A. F. Gratama van Andel and Juan M. Macho and Jordi Blasco and Luis San Rom\'{a}n and Alejandro F. Frangi},
collaboration = {},
title = {Automated segmentation of cerebral vasculature with aneurysms in 3DRA and TOF-MRA using geodesic active regions: An evaluation study},
publisher = {AAPM},
year = {2011},
journal = {Medical Physics},
volume = {38},
number = {1},
pages = {210-222},
keywords = {biomedical MRI; blood vessels; brain; diagnostic radiography; image reconstruction; image resolution; image segmentation; medical disorders; medical image processing},
}

@article{zhang:1294,
author = {Chong Zhang and Maria-Cruz Villa-Uriol and Mathieu De Craene and Jos\'{e} Mar\'{\i}a Pozo and Juan M. Macho and Alejandro F. Frangi},
collaboration = {},
title = {Dynamic estimation of three-dimensional cerebrovascular deformation from rotational angiography},
publisher = {AAPM},
year = {2011},
journal = {Medical Physics},
volume = {38},
number = {3},
pages = {1294-1306},
keywords = {blood vessels; cardiovascular system; deformation; diagnostic radiography; diseases; image registration; medical image processing; phantoms},
}

@article{Sforza,
author = {Sforza, Daniel M. and Putman, Christopher M. and Cebral, Juan Raul},
title = {Hemodynamics of Cerebral Aneurysms},
journal = {Annual Review of Fluid Mechanics},
volume = {41},
number = {1},
pages = {91-107},
year = {2009},
}

@article{Oubel,
  author={E Oubel and J R Cebral and M De Craene and R Blanc and J Blasco and J Macho and C M Putman and A F Frangi},
  title={Wall motion estimation in intracranial aneurysms},
  journal={Physiological Measurement},
  volume={31},
  number={9},
  pages={1119},
  year={2010},
}
  

    
@article{Balocco,
  author={Simone Balocco and Olivier Basset and Guy Courbebaisse and Enrico Boni and Alejandro F Frangi and Piero
Tortoli and Christian Cachard},
  title={Estimation of the viscoelastic properties of vessel walls using a computational model and Doppler ultrasound},
  journal={Physics in Medicine and Biology},
  volume={55},
  number={12},
  pages={3557},
  year={2010},
}
  

