@proceedings{DBLP:conf/dgci/2006,
  editor    = {Attila Kuba and
               L{\'a}szl{\'o} G. Ny{\'u}l and
               K{\'a}lm{\'a}n Pal{\'a}gyi},
  title     = {Discrete Geometry for Computer Imagery, 13th International
               Conference, DGCI 2006, Szeged, Hungary, October 25-27, 2006,
               Proceedings},
  booktitle = {DGCI},
  publisher = {Springer},
  series    = {Lecture Notes in Computer Science},
  volume    = {4245},
  year      = {2006},
  isbn      = {3-540-47651-2},
  bibsource = {DBLP, http://dblp.uni-trier.de}
}

@proceedings{DBLP:conf/isbi/2004,
  title     = {Proceedings of the 2004 IEEE International Symposium on
               Biomedical Imaging: From Nano to Macro, Arlington, VA, USA,
               15-18 April 2004},
  booktitle = {ISBI},
  publisher = {IEEE},
  year      = {2004},
  bibsource = {DBLP, http://dblp.uni-trier.de}
}

@proceedings{DBLP:conf/miccai/2006-2,
  editor    = {Rasmus Larsen and
               Mads Nielsen and
               Jon Sporring},
  title     = {Medical Image Computing and Computer-Assisted Intervention
               - MICCAI 2006, 9th International Conference, Copenhagen,
               Denmark, October 1-6, 2006, Proceedings, Part II},
  booktitle = {MICCAI (2)},
  publisher = {Springer},
  series    = {Lecture Notes in Computer Science},
  volume    = {4191},
  year      = {2006},
  isbn      = {3-540-44727-X},
  bibsource = {DBLP, http://dblp.uni-trier.de}
}

@proceedings{DBLP:conf/vrst/2006,
  editor    = {Mel Slater and
               Yoshifumi Kitamura and
               Ayellet Tal and
               Angelos Amditis and
               Yiorgos Chrysanthou},
  title     = {Proceedings of the ACM Symposium on Virtual Reality Software
               and Technology, VRST 2006, Limassol, Cyprus, November 1-3,
               2006},
  booktitle = {VRST},
  publisher = {ACM},
  year      = {2006},
  isbn      = {1-59593-321-2},
  bibsource = {DBLP, http://dblp.uni-trier.de}
}

%%%%%%%%%%%%%%%%%%%%%%%%%%%%%%%%%%%%%%%%%%

@incollection{Boiselle,
author = {Phillip M. Boiselle and Jay Catena and Armin Ernst and David A. Lynch},
title = {Tracheobronchial Stenoses},
booktitle = {{CT} of the Airways},
year = {2008},
pages = {121-149},
publisher = {Humana Press - Springer},
}

@inproceedings{Bornik:VRST06,
  author    = {Alexander Bornik and
               Reinhard Beichel and
               Dieter Schmalstieg},
  title     = {Interactive editing of segmented volumetric datasets in
               a hybrid 2D/3{D} virtual environment},
  booktitle = {VRST},
  year      = {2006},
  pages     = {197-206},
  ee        = {http://doi.acm.org/10.1145/1180495.1180536},
  crossref  = {DBLP:conf/vrst/2006},
  bibsource = {DBLP, http://dblp.uni-trier.de}
}

@BOOK{Burdea:BOOK_FORCEANDTOUCH96,
  author =       {Grigore C. Burdea},
  title =        {Force And Touch Feedback For Virtual Reality},
  publisher =    {Winley Inter-Science},
  year =         {1996},
  isbn =         {0-471-02141-5},
}

%@inproceedings{Guan,
%author = {J. Guan and G. Qiu},
%title = {Interactive image segmentation using optimization with statistical priors},
%booktitle = {Proceedings of International Workshop on the Representation and use of Prior Knowledge in Vision (in conjunction with ECCV 2006)},
%year = {2006},
%location = {Graz, Austria},
%}


@inproceedings{Harders:VR02,
  author    = {Matthias Harders and
               G{\'a}bor Sz{\'e}kely},
  title     = {Improving Medical Segmentation with Haptic Interaction},
  booktitle = {VR},
  year      = {2002},
  pages     = {243-250},
  ee        = {http://computer.org/proceedings/vr/1492/14920243abs.htm},
  bibsource = {DBLP, http://dblp.uni-trier.de}
}

@Article{Harders1,
  author = { M. Harders and S. Wildermuth and G. Székely},
  title = {New paradigms for interactive 3{D} volume segmentation},
  journal = {The Journal of Visualization and Computer Animation},
  year = {2002},
  pages = {85-95},
  volume = {13},
  number = {1},
  keywords = {haptic interaction, interactive segmentation, model initialization}
}
%  month = {},

@ARTICLE{Harders2,
author={Harders, M. and Szekely, G.},
journal={Proceedings of the IEEE},
title={Enhancing human-computer interaction in medical segmentation},
year={2003},
volume={91},
number={9},
pages={ 1430 - 1442},
}
%month={sept.},

@article{Kang,
title = {Interactive 3{D} editing tools for image segmentation},
journal = {Medical Image Analysis},
volume = {8},
number = {1},
pages = {35 - 46},
year = {2004},
author = {Yan Kang and Klaus Engelke and Willi A. Kalender},
}

@article{Kass,
    author = {Kass, Michael and Witkin, Andrew and Terzopoulos, Demetri},
    journal = {International Journal of Computer Vision},
    number = {4},
    pages = {321--331},
    title = {Snakes: Active contour models},
    volume = {V1},
    year = {1988}
}

@inproceedings{Malmberg:DGCI06,
  author    = {Filip Malmberg and
               Erik Vidholm and
               Ingela Nystr{\"o}m},
  title     = {A 3{D} Live-Wire Segmentation Method for Volume Images Using
               Haptic Interaction},
  booktitle = {DGCI},
  year      = {2006},
  pages     = {663-673},
  ee        = {http://dx.doi.org/10.1007/11907350_56},
  crossref  = {DBLP:conf/dgci/2006},
  bibsource = {DBLP, http://dblp.uni-trier.de}
}

@INPROCEEDINGS{Massie:ASME94,
  author =       {Thomas H. Massie and J. Kenneth Salisburg},
  title =        {The {PHANToM} Haptic Interface: A Device for Probing Virtual Objects},
  pages =        {295--302},
  booktitle =    {Proceedings of the Third (3rd) International Symposium on Haptic Interfaces for Virtual Environment and Teleoperator Systems, American Society of Mechanical Engineers Dynamic Systems and Control Division},
  year  =        {1994},
  address =      {Chicago, IL, USA},
  volume =       {DSC 55-1},
}
%  month =        {November},

@article{McGuinness,
title = {A comparative evaluation of interactive segmentation algorithms},
journal = {Pattern Recognition},
volume = {43},
number = {2},
pages = {434 - 444},
year = {2010},
author = {Kevin McGuinness and Noel E. O'Connor},
}

@article{McInerney,
title = {Deformable models in medical image analysis: a survey},
journal = {Medical Image Analysis},
volume = {1},
number = {2},
pages = {91 - 108},
year = {1996},
author = {Tim McInerney and Demetri Terzopoulos},
}

@article{Olabarriaga,
title = {Interaction in the segmentation of medical images: A survey},
journal = {Medical Image Analysis},
volume = {5},
number = {2},
pages = {127 - 142},
year = {2001},
author = {S.D Olabarriaga and A.W.M Smeulders},
}

@inproceedings{Pinho4,
author = {R{\^o}mulo Pinho and Kurt Tournoy and Robert Gosselin and Jan Sijbers},
title =  {Assessment of Tracheal Stenosis Using Active Shape Models of Healthy Tracheas: A Surface Registration Study},
booktitle = {2nd International Workshop on Pulmonary Image Analysis},
pages = {125-136},
address = {London, England},
year = {2009},
}
%month = {September},

@article{Qiu,
title = {Interactive imaging and vision--Ideas, algorithms and applications},
journal = {Pattern Recognition},
volume = {43},
number = {2},
pages = {431 - 433},
year = {2010},
author = {Guoping Qiu and Pong C. Yuen},
}

@inproceedings{Ruspini:Siggraph97,
 author = {Ruspini, Diego C. and Kolarov, Krasimir and Khatib, Oussama},
 title = {The haptic display of complex graphical environments},
 booktitle = {SIGGRAPH '97: Proceedings of the 24th annual conference on Computer graphics and interactive techniques},
 year = {1997},
 isbn = {0-89791-896-7},
 pages = {345--352},
 }

@article{Spittle,
author = {Spittle, Nicholas and McCluskey, Anthony},
title = {Lesson of the week: Tracheal stenosis after intubation},
journal = {British Medical Journal},
volume = {321},
number = {7267},
pages = {1000-1002},
year = {2000},
}

@article{Triglia,
author = {Jean-Michel Triglia and Sandrine  Marciano and Bruno Nazarian and Guy Moulin  and Isabelle Sudre-Levillain  and Antoine Giovanni },
title = {Virtual laryngotracheal endoscopy based on geometric surface modeling using spiral computed tomography data},
journal = {The Annals of otology, rhinology \& laryngology},
year = {2002},
volume = {111},
number = {1},
pages = {36-43},
}

@inproceedings{Vidholm:ISBI04,
  author    = {Erik Vidholm and
               Ingela Nystr{\"o}m and
               Ewert Bengtsson and
               Xavier Tizon},
  title     = {Haptic Guided Seeding of MRA Images for Semi-Automatic Segmentation},
  booktitle = {ISBI},
  year      = {2004},
  pages     = {288-291},
  crossref  = {DBLP:conf/isbi/2004},
  bibsource = {DBLP, http://dblp.uni-trier.de}
}

@inproceedings{Vidholm:MICCAI06,
  author    = {Erik Vidholm and
               Sven Nilsson and
               Ingela Nystr{\"o}m},
  title     = {Fast and Robust Semi-automatic Liver Segmentation with Haptic
               Interaction},
  booktitle = {MICCAI (2)},
  year      = {2006},
  pages     = {774-781},
  crossref  = {DBLP:conf/miccai/2006-2},
}

@article{Vidholm:SPIE08,
author = {Erik Vidholm and Milan Golubovic and Sven Nilsson and Ingela Nystr{\"o}m},
editor = {Michael I. Miga and Kevin R. Cleary},
title = {Accurate and reproducible semi-automatic liver segmentation using haptic interaction},
publisher = {SPIE},
year = {2008},
journal = {Medical Imaging 2008: Visualization, Image-guided Procedures, and Modeling},
volume = {6918},
number = {1},
numpages = {8},
pages = {69182Q},
location = {San Diego, CA, USA},
}

%@techreport{Wirjadi,
%  author = {Oliver Wirjadi},
%  institution = {Fraunhofer-Institut für Techno- und Wirtschaftsmathematik},
%  number = 123,
%  title = {Survey of {3{D}} image segmentation methods},
%  url = {http://kluedo.ub.uni-kl.de/volltexte/2008/2213/pdf/bericht123.pdf},
%  year = 2007,
%  keywords = {wood 3d survey segmentation fiber},
%  file = {wirjadi_07_3d-segmentation-survey.pdf:wirjadi_07_3d-segmentation-survey.pdf:PDF},
%  biburl = {http://www.bibsonomy.org/bibtex/251eda176e0f8e9265783bfc6d572c170/ukoethe}
%}

@article{ZudilovaSeinstra:IJHCS10,
  author    = {Elena V. Zudilova-Seinstra and
               Patrick J. H. de Koning and
               Avan Suinesiaputra and
               Boris W. van Schooten and
               Rob J. van der Geest and
               Johan H. C. Reiber and
               Peter M. A. Sloot},
  title     = {Evaluation of 2D and 3{D} glove input applied to medical image
               analysis},
  journal   = {Int. J. Hum.-Comput. Stud.},
  volume    = {68},
  number    = {6},
  year      = {2010},
  pages     = {355-369},
  ee        = {http://dx.doi.org/10.1016/j.ijhcs.2009.08.001},
  bibsource = {DBLP, http://dblp.uni-trier.de}
}



