@inproceedings{Pinho:Airways1,
author = {{\bf {\bf R.} {\bf Pinho}} and J. Sijbers and W. Vos},
title = {Efficient approaches to intrathoracic airway tree segmentations},
booktitle = {Proc. of the Biomedical Engineering IEEE/EMBS Benelux Symposium},
year = {2006},
volume = {2},
pages = {151-154},
address = {Brussels, Belgium},
month = {December},
}

@inproceedings{Pinho:Airways2,
author = {{\bf R.} {\bf Pinho} and S. Luyckx and J. Sijbers},
title =  {Robust Region Growing Based Intrathoracic Airway Tree Segmentation},
booktitle = {2nd International Workshop on Pulmonary Image Analysis}, 
pages = {261-271}, 
address = {London, England},
month = {September},
year = {2009},
}
%editor = {M. Brown and M. de Bruijne and B. van Ginneken and A. Kiraly and J.-M. Kuhnigk and C. Lorenz and K. Mori and J. M. Reinhardt}, 

@article{Pinho:Trachea7,
author = {L. Vanacken and {\bf R.} {\bf Pinho} and J. Sijbers and K. Coninx},
title =  {Force Feedback to Assist Active Contour Modelling for Tracheal Stenosis Segmentation},
journal = {Advances in Human Computer Interaction}, 
volume = {(in press)},
number = {},
pages = {},
year = {2011},
}

@inproceedings{Pinho:Trachea6,
author = {{\bf R.} {\bf Pinho} and K. G. Tournoy and J. Sijbers},
title =  {A Decision Support System for the Treatment of Tracheal Stenosis},
booktitle = {Proc. of Workshop on Discrete Geometry and Mathematical Morphology (WADGMM)}, 
pages = {72-76}, 
address = {Istanbul, Turkey},
month = {August},
year = {2010},
}

@incollection{Pinho:Trachea5,
author = {{\bf R.} {\bf Pinho} and K. G. Tournoy and J. Sijbers},
title = {Computer-Aided Assessment and Stenting of Tracheal Stenosis},
booktitle = {Lung Imaging and Computer Aided Diagnosis},
editor = {Ayman El-Baz and Jasjit S. Suri},
pages = {369-393},
chapter = {16},
year = {2011},
isbn = {9781439845578},
publisher = {CRC Press, Taylor \& Francis Group},
}

@article{Pinho:Trachea4,
author = {{\bf R.} {\bf Pinho} and K. G. Tournoy and J. Sijbers},
title = {Assessment and Stenting of Tracheal Stenosis using Deformable Shape Models},
journal = {Medical Image Analysis},
volume = {15},
number = {2},
pages = {250-266},
year = {2011},
}

@inproceedings{Pinho:Trachea3,
author = {{\bf R.} {\bf Pinho} and K. G. Tournoy and R. Gosselin and J. Sijbers},
title =  {Assessment of Tracheal Stenosis Using Active Shape Models of Healthy Tracheas: A Surface Registration Study},
booktitle = {2nd International Workshop on Pulmonary Image Analysis}, 
pages = {125-136}, 
address = {London, England},
month = {September},
year = {2009},
}
%editor = {M. Brown and M. de Bruijne and B. van Ginneken and A. Kiraly and J.-M. Kuhnigk and C. Lorenz and K. Mori and J. M. Reinhardt}, 

@inproceedings{Pinho:Trachea2,
author = {{\bf R.} {\bf Pinho} and T. Huysmans and W. Vos and J. Sijbers},
title = {Tracheal Stent Prediction Using Statistical Deformable Models of Tubular Shapes},
booktitle = {Proc. of SPIE Medical Imaging},
year = {2008},
pages = {69144O},
address = {San Diego, CA, USA},
month = {February},
}

@inproceedings{Pinho:Trachea1,
author = {{\bf R.} {\bf Pinho} and J. Sijbers and T. Huysmans},
title = {Segmentation of The Human Trachea Using Deformable Statistical Models of Tubular Shapes},
booktitle = {Proc. of Advanced Concepts for Intelligent Vision Systems},
series = {Lecture Notes in Computer Science},
year = {2007},
volume = {4678},
pages = {531-542},
location = {Delft, The Netherlands},
month = {August},
}

@inproceedings {DELM-11,
	title = {Direction dependent B-splines decomposition for the registration of sliding objects},
	booktitle = {Proceedings of the Fourth International Workshop on Pulmonary Image Analysis},
	year = {2011},
	month = {September},
	pages = {45-55},
	address = {Toronto, Canada},
	keywords = {nouvelle_equipe_7},
	attachments = {http://www.creatis.insa-lyon.fr/site/sites/default/files/delmon2011.pdf},
	author = {V. Delmon and Rit, S. and {\bf R.} {\bf Pinho} and Sarrut, D.}
}

@inproceedings {PINH-11,
	title = {Keuhkot: a method for lung segmentation},
	booktitle = {Proceedings of the Fourth International Workshop on Pulmonary Image Analysis},
	year = {2011},
	month = {September},
	pages = {225-232},
	address = {Toronto, Canada},
	keywords = {nouvelle_equipe_7},
	attachments = {http://www.creatis.insa-lyon.fr/site/sites/default/files/pinho2011.pdf},
	author = {{\bf R.} {\bf Pinho} and V. Delmon and Vandemeulebroucke, J. and Rit, S. and Sarrut, D.}
}

@inproceedings {RIT-11b,
	title = {VV, a 4D slicer},
	booktitle = {Proceedings of the Fourth International Workshop on Pulmonary Image Analysis},
	year = {2011},
	month = {September},
	pages = {171-175},
	address = {Toronto, Canada},
	keywords = {nouvelle_equipe_7},
	attachments = {http://www.creatis.insa-lyon.fr/site/sites/default/files/rit2011b.pdf},
	author = {Rit, S. and {\bf R.} {\bf Pinho} and V. Delmon and M. Pech and Bouilhol, G and Schaerer, J. and B. Navalpakkam and Vandemeulebroucke, J. and Seroul, P. and Sarrut, D.}
}

@inproceedings {PINH-11b,
author = {{\bf R.} {\bf Pinho} and S. Rit and G. Bouilhol and M. Ayadi and M. Biston and L. Claude and D. Sarrut},
title = {Clinical implementation of 4D deformable image registration for the computation of Mid-Position {CT} images},
booktitle = {IGRT Salzburg 2011},
year = {2011},
month = {December},
pages = {({\it in press})},
address = {Salzburg, Austria},
}

@inproceedings{Pinho:Trachea8,
author = {{\bf R.} {\bf Pinho} and T. Huysmans and W. Vos and J. Sijbers},
title = {Tracheal Stent Prediction Using Statistical Deformable Models of Healthy Tracheas},
booktitle = {Liege Image Days 2008: Medical Imaging},
year = {2008},
month = {March},
}

@inproceedings{Pinho:Cache1,
author = {{\bf R.} {\bf Pinho} and K. J. Batenburg and J. Sijbers},
title = {Seeing Through the Window: Pre-fetching Strategies for Out-of-core Image Processing Algorithms},
booktitle = {Proceedings of SPIE Medical Imaging},
volume = {6919},
pages = {69190D},
year = {2008},
publisher = {SPIE},
address = {San Diego, CA, USA},
month = {February},
}

@article{Pinho:Cache2,
author = {{\bf R.} {\bf Pinho} and K. J. Batenburg and J. Sijbers},
title = {WindowCache: Pre-fetching Strategies for Out-of-core Image Processing Algorithms},
journal = {IEEE Transactions on Image Processing},
volume = {(Under Review)},
number = {},
pages = {},
year = {2010},
}

@inproceedings{Bernat:Clavicle,
author = {A. Bernat and T. Huysmans and F. van Glabbeek and J. Sijbers and {\bf R.} {\bf Pinho} and J. L. Gielen},
title = {Exploring the Clavicle: Morphometric Differences Using a 3D Model},
booktitle = {AAOS Annual Meeting},
year = {2009},
address = {Las Vegas,Nevada},
month = {February},
}

@inproceedings{Huysmans:Clavicle,
author = {T. Huysmans and A. Bernat and {\bf R.} {\bf Pinho} and J. Sijbers and F. van Glabbeeck and P. M. Parizel and H. Bortier},
title = {A Framework for Morphometric Analysis of Long Bones: Application to the Human Clavicle},
booktitle = {Liege Image Days 2008: Medical Imaging},
year = {2008},
month = {March},
}
