%% prefetch.bib - contains BiBtex input for bibliography

@article{Agrawal,
author = {A. Agrawal and J. Kohout and G. J. Clapworthy and N. J. Mcfarlane and F. Dong and M. Viceconti and F. Taddei and D. Testi},
title = {Enabling the interactive display of large medical volume datasets by multiresolution bricking},
journal = {Journal of Supercomputing},
volume = {51},
number = {1},
year = {2010},
pages = {3--19},
}
%issn = {0920-8542},

@misc{Amira,
author = {Mercury Computer Systems},
title = {AMIRA},
howpublished = {http://www.amiravis.com/},
}

@article{Borgefors,
author = {G. Borgefors},
title = {Distance transformations in digital images},
journal = {Computer Vision Graphics and Image Processing},
volume = {34},
number = {3},
year = {1986},
pages = {344--371},
}

@article{Brown,
author = {A. D. Brown and T. C. Mowry and O. Krieger},
title = {Compiler-based \uppercase{I/O} prefetching for out-of-core applications},
journal = {ACM Trans. Comput. Syst.},
volume = {19},
number = {2},
year = {2001},
pages = {111--170},
}

@mastersthesis{Bruckner1,
title = {Efficient Volume Visualization of Large Medical Datasets},
author = {S. Bruckner},
year = {2004},
address = {Favoritenstrasse 9-11/186, A-1040 Vienna, Austria},
school = {Institute of Computer Graphics and Algorithms, Vienna University of Technology},
}
%month =   {may},

@book{Bruckner2,
author = {S. Bruckner},
title = {Efficient Volume Visualization of Large Medical Datasets: Concepts and Algorithms},
year = {2008},
publisher = {VDM Verlag Dr. Muller Aktiengesellschaft & Co. KG},
}

@inproceedings{Bruckschen,
author = {Bruckschen, R. and Kuester, F. and Hamann, B. and Joy, K. I.},
title = {Real-time out-of-core visualization of particle traces},
booktitle = {PVG '01: Proceedings of the IEEE 2001 symposium on parallel and large-data visualization and graphics},
year = {2001},
isbn = {0-7803-7223-9},
pages = {45--50},
}

@article{Butt, 
title={Optimum design of chamfer distance transforms}, 
author={A. Butt, M. and Maragos, P.}, 
journal={Image Processing, IEEE Transactions on}, 
year={1998}, 
volume={7}, 
number={10}, 
pages={1477-1484}, 
}
%month={Oct}, 

@inproceedings{Caron,
author = "E. Caron and O. Cozette and D. Lazure and G. Utard",
title = "Virtual Memory Management in Data Parallel Applications",
booktitle = "LNCS: Proceedings of {HPCN} Europe",
pages = "1107-1116",
volume = {1593},
year = "1999",
}

@inproceedings{Chang, 
title={Optimizing retrieval and processing of multi-dimensional scientific datasets}, 
author={C. Chang and Kurc, T. and Sussman, A. and Saltz, J.}, 
booktitle={Parallel and Distributed Processing Symposium, 2000. IPDPS 2000. Proceedings. 14th International}, 
year={2000}, 
volume={}, 
number={}, 
pages={405-410}, 
}
%month={}, 

@inproceedings{Cuisenaire, 
title={Applications of the region growing Euclidean distance transform: anisotropy and skeletons}, 
author={Cuisenaire, O. and Macq, B.}, 
journal={Image Processing, 1997. Proceedings., International Conference on}, 
year={1997}, 
volume={1}, 
number={}, 
pages={200-203 vol.1}, 
}
%month={Oct}, 

@inproceedings{Cucchiara,
author = {R. Cucchiara and M. Piccardi},
title = {Exploiting Image Processing Locality in Cache Pre-fetching},
booktitle = {Proceedings of 5th Int. Conf. on High Performance Computing HiPC'98},
pages = {pp. 466-472},
year = {1998}
}

@article{Cucchiara2, 
title={Neighbor cache prefetching for multimedia image and video processing}, 
author={Cucchiara, R. and Piccardi, M. and Prati, A.}, 
journal={Multimedia, IEEE Transactions on}, 
year={2004}, 
volume={6}, 
number={4}, 
pages={ 539-552}, 
}
%month={Aug.}, 
 
@article{Denning,
author = {P. J. Denning},
title = {The locality principle},
journal = {Commun. ACM},
volume = {48},
number = {7},
year = {2005},
pages = {19--24},
}

@article{Farias,
author = {Farias, R. and Silva, C. T.},
title = {Out-Of-Core Rendering of Large, Unstructured Grids},
journal = {IEEE Computer Graphics and Applications},
volume = {21},
number = {4},
year = {2001},
pages = {42--50},
}

@book{Gonzalez,
author = {R. C. Gonzalez and R. E. Woods},
title = {Digital Image Processing},
year = {2001},
publisher = {Addison-Wesley Longman Publishing Co., Inc.},
}

@inproceedings{Griffioen,
author = {J. Griffioen and R. Appleton},
title = {Reducing file system latency using a predictive approach},
booktitle = {USTC'94: Proceedings of the USENIX Summer 1994 Technical Conference on USENIX Summer 1994 Technical Conference},
year = {1994},
pages = {13--23},
}

@book{Hennessy,
author = {J. L. Hennessy and D. A. Patterson},
title = {Computer Architecture: A Quantitative Approach},
year = {1990},
publisher = {Morgan Kaufman Publishers, Inc.},
}

@inproceedings{Igehy,
author = {H. Igehy and M. Eldridge and K. Proudfoot},
title = {Prefetching in a texture cache architecture},
booktitle = {HWWS '98: Proceedings of the ACM SIGGRAPH/EUROGRAPHICS workshop on Graphics hardware},
year = {1998},
pages = {133--ff.},
}

@book{ITK,
author = { L. Ibanez and W. Schroeder and L. Ng and J. Cates},
title = {The ITK Software Guide},
publisher = {Kitware Inc.},
}

@article{Jones,
author = {M. W. Jones and J. A. Baerentzen and M. Sramek},
title = {3{D} Distance Fields: A Survey of Techniques and Applications},
journal = {IEEE Transactions on Visualization and Computer Graphics},
volume = {12},
number = {4},
year = {2006},
pages = {581-599},
}
%issn = {1077-2626},

@article{Kohlmann,
title =      {Evaluation of a Bricked Volume Layout for a Medical Workstation based on Java},
author =     {P. Kohlmann and S. Bruckner and A. Kanitsar and M. E. Gr{\"o}ller},
year =       {2007},
pages =      {83--90},
journal =    {Journal of the Winter School of Computer Graphics},
number =     {1-3},
volume =     {15},
}

@article{Kotz,
author = {D. Kotz},
title = {Disk-directed \uppercase{I/O} for MIMD multiprocessors},
journal = {ACM Trans. Comput. Syst.},
volume = {15},
number = {1},
year = {1997},
pages = {41--74},
}

@inproceedings{Lipsa,
author = {D. R. Lipsa and P. J. Rhodes and R. D. Bergeron and T. M. Sparr},
title = {Spatial prefetching for out-of-core visualization of multidimensional data},
booktitle = {Proc. SPIE, Visualization and Data Analysis},
volume = {6495},
year = {2007},
}

@inproceedings{Madhyastha,
author = {T. M. Madhyastha and D. A. Reed},
title = {Input/output access pattern classification using hidden Markov models},
booktitle = {IOPADS '97: Proceedings of the fifth workshop on \uppercase{I/O} in parallel and distributed systems},
year = {1997},
pages = {57--67},
}

@article{Madison,
author = {A. W. Madison and A. P. Batson},
title = {Characteristics of program localities},
journal = {Commun. ACM},
volume = {19},
number = {5},
year = {1976},
pages = {285--294},
}

@inproceedings{More,
author    = {S. More and A. N. Choudhary},
title     = {Tertiary Storage Organization for Large Multidimensional Datasets.},
booktitle = {IEEE Symposium on Mass Storage Systems},
year      = {2000},
pages     = {203--210},
}

@inproceedings{Michikawa,
author = {T. Michikawa and K. Tsuji and T. Fujimori and H. Suzuki},
title = {Out-of-core distance transforms},
booktitle = {SPM '07: Proceedings of the 2007 ACM symposium on Solid and physical modeling},
year = {2007},
isbn = {978-1-59593-666-0},
pages = {151--158},
}

@article{Nielsen,
author = {Nielsen, M. B. and Nilsson, O. and S{\"o}derstr{\"o}m, A. and Museth, K.},
title = {Out-of-core and compressed level set methods},
journal = {ACM Trans. Graph.},
volume = {26},
number = {4},
year = {2007},
pages = {16},
}
%issn = {0730-0301},

@inproceedings{Patterson,
author = {R. H. Patterson and G. A. Gibson and E. Ginting and D. Stodolsky and J. Zelenka},
title = {Informed prefetching and caching},
booktitle = {SOSP '95: Proceedings of the fifteenth ACM symposium on Operating systems principles},
year = {1995},
pages = {79--95},
}

@inproceedings{Pinho,
author = "R. Pinho and K. J. Batenburg and J. Sijbers",
title = "Seeing Through the Window: Pre-fetching Strategies for Out-of-core Image Processing Algorithms",
booktitle = "Proceedings of SPIE Medical Imaging",
volume = {6919},
pages = {69190D},
year = "2008",
}
%month = "February",

@inproceedings{Prohaska,
author = {Prohaska, S. and Hutanu, A. and Kahler, R. and Hege, H.},
title = {Interactive Exploration of Large Remote Micro-CT Scans},
booktitle = {VIS '04: Proceedings of the conference on Visualization '04},
year = {2004},
isbn = {0-7803-8788-0},
pages = {345--352},
}
 
 @inproceedings{Rhodes1,
author = {P. J. Rhodes and X. Tang and R. Bergeron and T. SM. parr},
title = {Out of core visualization using Iterator Aware Multidimensional Prefetching},
booktitle = {Proc. SPIE, Visualization and Data Analysis},
volume = {5669},
pages = {295--306},
year = {2005},
}

@inproceedings{Rhodes2,
author = {P. J. Rhodes and X. Tang and R. D. Bergeron and T. M. Sparr},
title = {Iteration aware prefetching for large multidimensional datasets},
booktitle = {SSDBM'2005: Proceedings of the 17th international conference on Scientific and statistical database management},
pages = {45--54},
year = {2005},
}

@article{Rutt,
author = {B. R. and V. S. Kumar and T. Pan and T. Kurc and U. Catalyurek and J. Saltz and Y. Wang},
title = {Distributed Out-of-Core Preprocessing of Very Large Microscopy Images for Efficient Querying},
journal ={Cluster Computing, IEEE International Conference on},
volume = {0},
year = {2005},
pages = {1-10},
}
%issn = {1552-5244},

@unpublished{Silva,
author = {C. T. Silva and Y. J. Chiang and J. El-Sana and P. Lindstrom}, 
title = {Out-of-Core Algorithms for Scientific Visualization and Computer Graphics}, 
note = {{C}ourse Notes for IEEE Visualization Conference 2002, Boston, MA, 2002},
}

@inproceedings{Sarawagi,
author = {S. Sarawagi and M. Stonebraker},
title = {Efficient Organization of Large Multidimensional Arrays},
booktitle = {{ICDE}: 10th International Conference on Data Engineering},
pages = {328--336},
year = {1994},
}

@article{Tian,
author    = {J. Tian and J. Xue and Y. Dai and J. Chen and J. Zheng},
title     = {A Novel Software Platform for Medical Image Processing and Analyzing},
journal   = {IEEE Transactions on Information Technology in Biomedicine},
volume    = {12},
number    = {6},
year      = {2008},
pages     = {800-812},
}


@article{Vitter,
author = {Vitter, J. S.},
title = {External memory algorithms and data structures: dealing with massive data},
journal = {ACM Computing Surveys},
volume = {33},
number = {2},
year = {2001},
pages = {209--271},
}
%issn = {0360-0300},

@book{VTK,
author = {W. Schroeder and K. Martin and B. Lorensen},
title = {The Visualization Toolkit, An Object-Oriented Approach To 3{D} Graphics},
publisher = {Kitware Inc.},
}

@article{Wang,
author = {Wang, Q. and JaJa, J. and Varshney, A.},
title = {An efficient and scalable parallel algorithm for out-of-core isosurface extraction and rendering},
journal = {Journal of Parallel and Distributed Computing},
volume = {67},
number = {5},
year = {2007},
pages = {592--603},
}
%issn = {0743-7315},
