@phdthesis{deBeule,
author={Matthieu de Beule},
title={Finite Element Stent Design},
school={Universiteit Gent},
year={2008},
}
